@book{hardy1940,
  author    = {G. H. Hardy},
  title     = {A Mathematician's Apology},
  publisher = {Cambridge University Press},
  year      = {1940}
}

@article{weyl1952,
  author    = {Hermann Weyl},
  title     = {Symmetry},
  journal   = {Princeton University Press},
  year      = {1952}
}

@book{steiner2001,
  author    = {Mark Steiner},
  title     = {The Applicability of Mathematics as a Philosophical Problem},
  publisher = {Harvard University Press},
  year      = {2001}
}

@article{chaitin2006,
  author    = {Gregory Chaitin},
  title     = {Meta Math! The Quest for Omega},
  journal   = {Pantheon Books},
  year      = {2006}
}

@article{francis2015,
  author    = {Andrew Francis},
  title     = {Mathematical Beauty: A New Look at Euler's Theorem on the Pentagonal Numbers},
  journal   = {Mathematics Magazine},
  volume    = {88},
  number    = {3},
  pages     = {179--186},
  year      = {2015}
}

@book{livio2017,
  author    = {Mario Livio},
  title     = {The Equation That Couldn't Be Solved},
  publisher = {Simon and Schuster},
  year      = {2017}
}

@book{rota1997,
  author    = {Gian-Carlo Rota},
  title     = {Indiscrete Thoughts},
  publisher = {Birkhäuser},
  year      = {1997}
}

@article{sinclair2006,
  author    = {Nathalie Sinclair},
  title     = {Mathematical Beauty and Mathematical Truth},
  journal   = {Philosophia Mathematica},
  volume    = {14},
  number    = {3},
  pages     = {287--294},
  year      = {2006}
}

@book{platon_republic,
  author    = {Platón},
  title     = {La República},
  year      = {Siglo IV a.C.}
}

@book{aristoteles_poetica,
  author    = {Aristóteles},
  title     = {Poética},
  year      = {Siglo IV a.C.}
}

@book{tatarkiewicz2005,
  author    = {W. Tatarkiewicz},
  title     = {Historia de seis ideas},
  publisher = {Tecnos},
  year      = {2005}
}

@book{eco1987,
  author    = {Umberto Eco},
  title     = {Historia de la belleza},
  publisher = {Lumen},
  year      = {1987}
}

@book{kant1790,
  author    = {Immanuel Kant},
  title     = {Crítica del juicio},
  year      = {1790}
}

@book{gombrich1969,
  author    = {Ernst Gombrich},
  title     = {Historia del arte},
  publisher = {Phaidon},
  year      = {1969}
}


@book{penrose1989,
  author    = {Roger Penrose},
  title     = {The Emperor’s New Mind: Concerning Computers, Minds, and the Laws of Physics},
  publisher = {Oxford University Press},
  year      = {1989}
}

@book{poincare1913,
  author    = {Henri Poincaré},
  title     = {Science and Method},
  publisher = {T. Nelson and Sons},
  year      = {1913}
}

@book{livio2002,
  author    = {Mario Livio},
  title     = {The Golden Ratio: The Story of Phi, the World's Most Astonishing Number},
  publisher = {Broadway Books},
  year      = {2002}
}
